@book{Beck_2018_FirstCourseComplex,
  title = {A first course in complex analysis},
  author = {Beck, Matthias and Marchesi, Gerald and Pixton, Dennis and Sabalka, Lucas},
  date = {2018-09},
  edition = {1.54},
  publisher = {{Orthogonal Publishing L3C}},
  isbn = {978-1-944325-08-4},
  langid = {english},
  pagetotal = {214}
}

@article{Ben-Arieh_2003_TransformationsGeneralizedATSP,
  title = {Transformations of generalized {{ATSP}} into {{ATSP}}},
  author = {Ben-Arieh, David and Gutin, Gregory and Penn, Michal and Yeo, Anders and Zverovitch, Alexei},
  date = {2003-09},
  journaltitle = {Operations Research Letters},
  volume = {31},
  pages = {357--365},
  doi = {10/fbvcgk},
  langid = {english},
  number = {5}
}

@misc{Eberly_2019_LeastSquaresFitting,
  title = {Least squares fitting of data by linear or quadratic structures},
  author = {Eberly, David},
  date = {2019-02-14},
  publisher = {{Geometric Tools}},
  url = {https://www.geometrictools.com/},
  urldate = {2020-11-09}
}

@book{Strang_2016_IntroductionLinearAlgebra,
  title = {Introduction to linear algebra},
  author = {Strang, Gilbert},
  date = {2016-06-10},
  edition = {5},
  publisher = {{Wellesley-Cambridge Press}},
  location = {{Wellesley, MA}},
  isbn = {978-0-9802327-7-6},
  langid = {english},
  pagetotal = {584}
}