
@misc{Gai_2005_LaTeXKeJiWenDangPaiBan,
  title = {\hologo{LaTeX}科技文档排版},
  author = {盖, 鹤麟},
  date = {2005-07-01},
  publisher = {{杜克大学}}
}

@misc{Gai_2006_LaTeXMathematicsCompanion,
  title = {The {{\hologo{LaTeX} Mathematics Companion}}},
  author = {Gai, Helin},
  date = {2006-01-19},
  publisher = {{Duke University}}
}

@unpublished{Ghaffari_2014_PreparingFiguresMatlab,
  title = {Preparing {{Figures}} in {{Matlab}} and \hologo{LaTeX} for {{Quality Publications}}},
  author = {Ghaffari, Azad},
  date = {2014-01},
  venue = {{Cymer Center for Control Systems and Dynamics - UC San Diego}}
}

@book{Huang_2013_LeiTaiHePaiBanXiTongJianJieLaTeXNotes,
  title = {雷太赫排版系统简介 ({{\hologo{LaTeX} Notes}})},
  author = {黄, 新刚},
  date = {2013-09-05},
  edition = {2.03},
  pagetotal = {215}
}

@book{Liu_2013_LaTeXRuMen,
  title = {\hologo{LaTeX}入门},
  author = {刘, 海洋},
  date = {2013-06-01},
  publisher = {{电子工业出版社}},
  location = {{北京}},
  isbn = {978-7-121-20208-7},
  pagetotal = {566}
}

@book{Oetiker_2019_YiFenBuTaiJianDuanDeLaTeX2eJieShao,
  title = {一份（不太）{{简短的\hologo{LaTeX2e}介绍}}},
  author = {Oetiker, Tobias and Partl, Hubert and Hyna, Irene and Schlegl, Elisabeth},
  date = {2019-04},
  edition = {6.01},
  publisher = {{ETH Zurich}},
  langid = {english},
  pagetotal = {136},
  translator = {CTeX开发小组}
}

@book{Reckdahl_2017_LaTeX2eChaTuZhiNan,
  title = {\hologo{LaTeX2e}插图指南},
  author = {Reckdahl, Keith},
  date = {2017-09-12},
  edition = {3.0.1},
  pagetotal = {137},
  translator = {王, 磊 and 盛, 文博}
}
